<record><leader>00000cas a2200000 a 4500</leader><controlfield tag="001">10009291</controlfield><controlfield tag="008">831013d19251936ohuwr ne      0   a0eng d</controlfield><datafield ind1=" " ind2=" " tag="010"><subfield code="a">sn 87076745 </subfield></datafield><datafield ind1=" " ind2=" " tag="040"><subfield code="a">BGU</subfield><subfield code="b">eng</subfield><subfield code="c">BGU</subfield><subfield code="d">ONP</subfield><subfield code="d">OCL</subfield><subfield code="d">OCLCQ</subfield></datafield><datafield ind1=" " ind2=" " tag="042"><subfield code="a">msc</subfield></datafield><datafield ind1=" " ind2=" " tag="043"><subfield code="a">n-us-oh</subfield></datafield><datafield ind1="0" ind2=" " tag="130"><subfield code="a">Republican-herald (Port Clinton, Ohio)</subfield></datafield><datafield ind1="1" ind2="4" tag="245"><subfield code="a">The Republican-herald.</subfield></datafield><datafield ind1=" " ind2=" " tag="260"><subfield code="a">Port Clinton, Ohio :</subfield><subfield code="b">William A. Krupp,</subfield><subfield code="c">1925-1936.</subfield></datafield><datafield ind1=" " ind2=" " tag="300"><subfield code="a">v. :</subfield><subfield code="b">ill. ;</subfield><subfield code="c">56 cm.</subfield></datafield><datafield ind1=" " ind2=" " tag="310"><subfield code="a">Weekly</subfield></datafield><datafield ind1="0" ind2=" " tag="362"><subfield code="a">Vol. 39, no. 2 (Aug. 14, 1925)-v. 50, no. 17 (Dec. 4, 1936).</subfield></datafield><datafield ind1=" " ind2=" " tag="752"><subfield code="a">United States</subfield><subfield code="b">Ohio</subfield><subfield code="c">Ottawa</subfield><subfield code="d">Port Clinton.</subfield></datafield><datafield ind1="0" ind2="4" tag="780"><subfield code="t">Ottawa County Republican</subfield><subfield code="w">(DLC)sn 87076743</subfield></datafield><datafield ind1="0" ind2="4" tag="780"><subfield code="t">Ottawa County herald</subfield><subfield code="w">(DLC)sn 87076744</subfield></datafield><datafield ind1="0" ind2="0" tag="785"><subfield code="t">Port Clinton herald and Republican</subfield><subfield code="w">(DLC)sn 87076746</subfield></datafield></record>